
http://ideas.paunix.org/latex/latex_6_bib.htm

@misc{
  diabetes,
  author = "国立国際医療研究センター　糖尿病情報センター",
  title = "糖尿病とは",
  year = "2019",
  month = "oct",
  howpublished = "\url{http://dmic.ncgm.go.jp/general/about-dm/010/010/01.html}"
}

@misc{
  diabetes_treatment_type1,
  author = "国立国際医療研究センター　糖尿病情報センター",
  title = "1型糖尿病の治療について",
  year = "2016",
  month = "may",
  howpublished = "\url{http://dmic.ncgm.go.jp/general/about-dm/050/020/02.html}"
}

@misc{
  insulin_treatment_method,
  author = "サノフィ株式会社　患者向け糖尿病情報サイト",
  title = "インスリン療法とは",
  howpublished = "\url{https://www.dm-town.com/injection/insulin1/insulin1_001}"
}

@misc{
  insulin_4times_method,
  author = "サノフィ株式会社　患者向け糖尿病情報サイト",
  title = "インスリン療法の適応について",
  howpublished = "\url{https://www.dm-town.com/injection/insulin1/insulin1_005}"
}

@misc{
  diabetes_statistics,
  author = "糖尿病リソースガイド",
  title = "糖尿病患者数が過去最多の328万人超に増加 【2017年患者調査】",
  year = "2019",
  month = "mar",
  howpublished = "\url{http://dm-rg.net/news/2019/03/020044.html}"
}

@misc{
  drug_treatment_investigation,
  author = "ファイザー株式会社",
  title = "処方薬の飲み残しに関する意識・実態調査」",
  year = "2012",
  month = "nov",
  howpublished = "\url{https://www.pfizer.co.jp/pfizer/company/press/2012/documents/20121113.pdf}"
}

@misc{
  suger_in_blood_change,
  author = "Abbott",
  title = "血糖測定について",
  howpublished = "\url{https://www.myfreestyle.jp/patient/general/blood-sugar/sl-1-1.html}"
}

@misc{
  who_gappa_report_jp,
  author = "慶應義塾大学スポーツ医学研究センター・大学院健康マネジメント研究科",
  title = "",
  howpublished = "\url{http://sports.hc.keio.ac.jp/ja/news/files/2020/9/3/WHO%20GAPPA%20Japanese%20revise%20final2.pdf}"
}

@misc{
  obesity_report,
  author = "一般社団法人 日本肥満症予防協会",
  title = "WHOの運動推進グローバル計画　運動不足は世界に蔓延　日本でも3人に1人が運動不足 「世界行動計画」の日本語版を公開",
  howpublished = "\url{http://himan.jp/news/2020/000382.html}"
}


@misc{
  hokkaido_mc_forget_medicine,
  author = "北海道医療センター消化器内科 二瓶 壮史",
  title = "薬剤内服に関するアンケート結果について",
  howpublished = "\url{https://hokkaido-mc.hosp.go.jp/common/img/index/anq.pdf}"
}

@misc{
  jp_mc_forget_medicine,
  author = "日本調剤",
  title = "「処方薬の野見氏に関する意識調査」を行いました",
  howpublished = "\url{https://www.nicho.co.jp/corporate/newsrelease/11546/}"
}

@misc{
  jp_mc_countermeasure,
  author = "日本調剤",
  title = "飲み忘れを防ぐには？",
  howpublished = "\url{https://www.nicho.co.jp/column/14234/}"
}

@misc{
  timesulin,
  author = "Timesulin Inc.",
  title = "Timesulin",
  howpublished = "\url{https://timesulin.com/}"
}

@misc{
  inpen,
  author = "Companion Medical",
  title = "Why InPen",
  howpublished = "\url{https://www.companionmedical.com/why-inpen/}"
}

@misc{
  insulcheck,
  author = "Innovation Zed Ltd.",
  title = "Diabetes isn't a choice. How you manage it is.",
  howpublished = "\url{https://www.insulcheck.com/products}"
}

@article{__japanese,
  author = "ほげ山太郎 and ほげ山次郎",
  yomi = "ほげやまたろう",
  title = "ほげほげ理論のHCI分野への応用",
  journal = "ほげほげ学会論文誌",
  volume = "31",
  number = "3",
  pages = "194-201",
  year = "2009",
}

@inproceedings{__english,
  author = "Taro Hogeyama and Jiro Hogeyama",
  title = "The Theory of Hoge",
  booktitle = "The Proceedings of The Hoge Society",
  year = "2008"
}
